@misc{cloudflare-ssh,
   author = {Cloudflare},
   journal = {cloudflare.com},
   title = {What is SSH? | Secure Shell (SSH) protocol},
   url = {https://www.cloudflare.com/en-gb/learning/access-management/what-is-ssh/},
}
@misc{mdn-http,
   author = {Mozilla Developer Network},
   journal = {developer.mozilla.org},
   title = {HTTP},
   url = {https://developer.mozilla.org/en-US/docs/Web/HTTP},
}
@misc{aws-smtp,
   author = {Amazon},
   journal = {aws.amazon.com},
   title = {What is SMTP},
   url = {https://aws.amazon.com/en/what-is/smtp/},
}
@misc{microsoft-imap-pop3,
   author = {Microsoft},
   journal = {support.microsoft.com},
   title = {What is the difference between IMAP and POP3},
   url = {https://support.microsoft.com/en-au/office/what-is-the-difference-between-pop-and-imap-85c0e47f-931d-4035-b409-af3318b194a8},
}
@misc{twilio-smtp,
   author = {Twilio},
   journal = {sendgrid.com},
   title = {SMTP (Simple Mail Transfer Protocol): Servers and Sending Emails},
   url = {https://sendgrid.com/en-us/blog/what-is-an-smtp-server},
}
@misc{cloudflare-dns,
   author = {Cloudflare},
   journal = {cloudflare.com},
   title = {What is DNS? | How DNS works},
   url = {https://www.cloudflare.com/en-gb/learning/dns/what-is-dns/},
}
@misc{cloudflare-http,
   author = {Cloudflare},
   journal = {cloudflare.com},
   title = {What is HTTP?},
   url = {https://www.cloudflare.com/en-gb/learning/ddos/glossary/hypertext-transfer-protocol-http/},
}
@misc{cloudns-telnet,
   author = {ClouDNS},
   journal = {cloudns.net},
   title = {Telnet Explained: What Is It and How It Works?},
   url = {https://www.cloudns.net/blog/telnet-explained-what-is-it-and-how-it-works/},
}
@misc{hostinger-ftp,
   author = {Hostinger},
   journal = {hostinger.com},
   title = {What Is FTP: FTP Explained for Beginners},
   url = {https://www.hostinger.com/tutorials/what-is-ftp},
}
@misc{microsoft-dhcp,
   author = {Microsoft},
   journal = {microsoft.com},
   title = {Dynamic Host Configuration Protocol (DHCP)},
   url = {https://learn.microsoft.com/en-gb/windows-server/networking/technologies/dhcp/dhcp-top},
}
